23700000         208516950000185362577              012327000000065298  EMPRESA DE TERMOPLASTICOS DO NBANCO BRADESCO                          11303201900371800003408901600                                                                     
23700011C2031045 208516950000185362577              012327000000065298  EMPRESA DE TERMOPLASTICOS DO N                                        R. DR JOSE PACIFICO PEREIRA, 900000BOA VIAGEM     RECIFE              51130610PE01                
2370001300001J00111111000000000452131111122222222223333333333B2W COMPANHIA DIGITAL         0104201900000000004521300000000000000000000000000000001042019000000000045213000000000000000MTZ;38153;N;                            09                
23700015         00000300000000000004521300000000000000000000000                                                                                                                                                                                
23799999         000001000005000000                                                                                                                                                                                                             
